@article{qe2paper,
  author={Zhou, Xiafeng and Li, Fu},
  title={Jacobian-Free Newton-Krylov Nodal Expansion Methods with Physics-Based
    Preconditioner and Local Elimination for Three-Dimensional and Multigroup
    k-Eigenvalue Problems},
  journal={Nuclear Science and Engineering},
  issue_date={June 2018},
  volume={190},
  number={3},
  month=jun,
  year={2018},
  pages={238--257},
  numpages={19},
  publisher={Taylor \& Francis},
  keywords={Jacobian-free Newton-Krylov, nodal expansion method, physics-based
    preconditioner},
} 

@article{jfnk_wielandt,
  author={Knoll, D. A. and Park, H. and Newman, C.},
  title={Acceleration of k-Eigenvalue/Criticality Calculations Using the
    Jacobian-Free Newton-Krylov Method},
  journal={Nuclear Science and Engineering},
  issue_date={February 2011},
  volume={167},
  number={2},
  month=feb,
  year={2011},
  pages={133--140},
  numpages={8},
  publisher={Taylor \& Francis},
} 


@article{gill_azmy,
  author={Gill, Daniel F. and Azmy, Yousry Y.},
  title={Newton's Method for Solving k-Eigenvalue Problems in Neutron Diffusion
    Theory},
  journal={Nuclear Science and Engineering},
  issue_date={February 2011},
  volume={167},
  number={2},
  month=feb,
  year={2011},
  pages={141--153},
  numpages={12},
  publisher={Taylor \& Francis},
} 

@article{caslJFNK,
  author={Hamilton, Steven and Berrill, Mark and Clarno, Kevin and Pawlowski,
    Roger and Toth, Alex and Kelley, C. T. and Evans, Thomas and Philip, Bobby},
  title={An Assesment of Coupling Algorithms for Nuclear Reactor Core Physics
    Simulations},
  journal={Journal of Computational Physics},
  issue_date={February 2016},
  volume={311},
  month=feb,
  year={2016},
  pages={241--257},
  numpages={16},
  publisher={Elsevier Inc.},
  keywords={Multiphysics, Jacobian-free Newtonâ€“Krylov, Anderson acceleration, 
    Nuclear reactor analysis},
} 

@book{textbookkelley,
  title={Iterative Methods for Linear and Nonlinear Equations},
  year={1995},
  author={Kelley, C. T.},
  pages={166},
  publisher={Society for Industrial and Applied Mathematics},
  url={http://link.aip.org/link/doi/10.1137/1.9781611970944},
  isbn={9780898713527},
  doi={10.1137/1.9781611970944},
  issn={0-89871-352-8},
  pmid={32778314}
}

@misc{ma784notes,
  title={Lecture Notes in Nonlinear Equations and Unconstrained Optimization},
  author={Kelley, C. T.},
  month={Spring},
  year={2019},
  publisher={North Carolina State University},
}

@phdthesis{gehinThesis,
  author={Gehin, Jess C.},
  title={A Quasi-Static Polynomial Nodal Method for Nuclear Reactor Analysis},
  school={Massachusetts Institute of Technology},
  year={1992},
}

@phdthesis{palmtagThesis,
  author={Palmtag, Scott P.},
  title={Advanced Nodal Methods for MOX Fuel Analysis},
  school={Massachusetts Institute of Technology},
  year={1997},
}

@book{nakamura,
  author={Nakamura, Shoichiro},
  title={Computational Methods in Engineering Science},
  year={1977},
  publisher={Wiley},
  address={New York},
  isbn={0471018007},
}

@mastersthesis{my_ms_thesis,
  author={Dawn, William C.},
  title={Simulation of Fast Reactors with the Finite Element Method and
    Multiphysics Models},
  school={North Carolina State University},
  year={2019},
  keywords={mastersthesis},
}

@inproceedings{smith_nonlinear,
  author={Smith, K. S.},
  year=1983,
  month=jun,
  title={Nodal Method Storage Reduction by Nonlinear Iteration},
  volume=44,
  booktitle={Transactions of the American Nuclear Society},
}

@techreport{casmo4,
  author={{Studsvik Scandpower}},
  title={CASMO-4: A Fuel Assembly Burnup Program},
  year={2009},
  number={SSP-09/443-U},
}

@techreport{simulate3,
  author={{Studsvik}},
  title={SIMULATE-3: Advanced Three-Dimensional Two-Group Reactor Analysis
    Code},
  year={2009},
  number={SSP-09/447-U},
}

@techreport{mpact,
  author={Collins, Benjamin and Downar, Thomas J. and Gehin, Jess and Godfrey,
    Andrew and Graham, Aaron and Jabaay, Daniel and Kelley, Blake and Clarno,
    Kevin and Kim, Kang Seog and Kochunas, Brendan and Larsen, Edward and Liu,
    Yuxuan and Liu, Zhouyu and Martin, William R. and Palmtag, Scott and Rose,
    Michael and Saller, Thomas and Stimpson, Shane and Trahan, Travis and Wang,
    Jipu and Wieselquist, Will and Young, Mitchell T. H. and Zhu, Ang},
  title={MPACT Theory Manual},
  year={2015},
  month=mar,
  number={CASL-U-2015-0078-000},
}
